@String(PAMI = {IEEE Trans. Pattern Anal. Mach. Intell.})
@String(IJCV = {Int. J. Comput. Vis.})
@String(CVPR= {IEEE Conf. Comput. Vis. Pattern Recog.})
@String(ICCV= {Int. Conf. Comput. Vis.})
@String(ECCV= {Eur. Conf. Comput. Vis.})
@String(NIPS= {Adv. Neural Inform. Process. Syst.})
@String(ICPR = {Int. Conf. Pattern Recog.})
@String(BMVC= {Brit. Mach. Vis. Conf.})
@String(TOG= {ACM Trans. Graph.})
@String(TIP  = {IEEE Trans. Image Process.})
@String(TVCG  = {IEEE Trans. Vis. Comput. Graph.})
@String(TMM  = {IEEE Trans. Multimedia})
@String(ACMMM= {ACM Int. Conf. Multimedia})
@String(ICME = {Int. Conf. Multimedia and Expo})
@String(ICASSP=	{ICASSP})
@String(ICIP = {IEEE Int. Conf. Image Process.})
@String(ACCV  = {ACCV})
@String(ICLR = {Int. Conf. Learn. Represent.})
@String(IJCAI = {IJCAI})
@String(PR   = {Pattern Recognition})
@String(AAAI = {AAAI})
@String(CVPRW= {IEEE Conf. Comput. Vis. Pattern Recog. Worksh.})
@String(CSVT = {IEEE Trans. Circuit Syst. Video Technol.})

@String(SPL	= {IEEE Sign. Process. Letters})
@String(VR   = {Vis. Res.})
@String(JOV	 = {J. Vis.})
@String(TVC  = {The Vis. Comput.})
@String(JCST  = {J. Comput. Sci. Tech.})
@String(CGF  = {Comput. Graph. Forum})
@String(CVM = {Computational Visual Media})


@String(PAMI  = {IEEE TPAMI})
@String(IJCV  = {IJCV})
@String(CVPR  = {CVPR})
@String(ICCV  = {ICCV})
@String(ECCV  = {ECCV})
@String(NIPS  = {NeurIPS})
@String(ICPR  = {ICPR})
@String(BMVC  =	{BMVC})
@String(TOG   = {ACM TOG})
@String(TIP   = {IEEE TIP})
@String(TVCG  = {IEEE TVCG})
@String(TCSVT = {IEEE TCSVT})
@String(TMM   =	{IEEE TMM})
@String(ACMMM = {ACM MM})
@String(ICME  =	{ICME})
@String(ICASSP=	{ICASSP})
@String(ICIP  = {ICIP})
@String(ACCV  = {ACCV})
@String(ICLR  = {ICLR})
@String(IJCAI = {IJCAI})
@String(PR = {PR})
@String(AAAI = {AAAI})
@String(CVPRW= {CVPRW})
@String(CSVT = {IEEE TCSVT})


@misc{lowCost,
  title={An Evaluation of Low-Cost Vision Processors for Efficient Star Identification},
  author={Agarwal S. and Hervas-Martin, E. and Byrne, J. and Dunne,A. and Espinosa-Aranda, J.L. and Rijlaarsdam, D.},
  journal={Sensors},
  year={2020},
  publisher={MDPI}
}

@misc{track_impl,
title={Development and implementation of star tracker based attitude determination},
author={Smith, C.G.},
journal={Masters Theses},
year={2017},
publisher={Missouri University of Science and Technology}
}

@article{adcs,
author = {Bolandi, E. and Haghparast, M. and Saberi, F.F. and Vaghei, B.G. and Smailzadeh, S.M.},
title = {Spacecraft Attitude Determination and Control},
journal = {Measurement and Control},
volume = 45,
number = 5,
pages = {151--157},
year = 2012
}

@article{neural1,
author = {Hong, J. and Dickerson, J.A.},
title = {Neural-Network-Based Autonomous Star Identification Algorithm},
journal = {Journal of Guidance, Control, and Dynamics},
volume = 23,
number = 4,
year = 2000
}

@article{neural2,
author = {Kim, K.T. and Bang, H.},
title = {Reliable Star Pattern Identification Technique by Using Neural Networks},
journal = {The Journal of the Astronautical Sciences},
volume = 52,
pages = {239--249},
year = 2004
}

@misc{survey,
  title={A Survey of Lost-in-Space Star Identification Algorithms Since 2009},
  author={Rijlaarsdam, D. and Yous, H. and Byrne, J. and Oddenino, D. and Furano, G. and Moloney, D.},
  journal={Sensors},
  year={2020},
  publisher={MDPI}
}

@article{optimal,
author = {Delabie, T. and Schutter, J.D. and Vandenbussche, B.},
title = {Highly Efficient Attitude-Estimation Algorithm for Star Trackers Using Optimal Image Matching},
journal = {Journal of Guidance, Control, and Dynamics},
volume = 36,
number = 6,
year = 2013
}

@article{corr,
author = {Yoon, H. and Lim, Y. and Bang, H.},
title = {New Star-Pattern Identification Using a Correlation Approach for Spacecraft Attitude Determination},
journal = {Journal of Spacecraft and Rockets},
volume = 48,
number = 1,
year = 2011
}

@misc{kaggle,
  author = {Scott, S.},
  title = {Stellarium Star Fields with Labelled Coordinates},
  year = {2022},
  publisher = {Kaggle},
  journal = {Kaggle datasets},
  howpublished = {\url{https://www.kaggle.com/datasets/stephenscott99/star-fields}},
}

@misc{git,
  author = {Scott, S.},
  title = {Star Tracker},
  year = {2022},
  publisher = {GitHub},
  journal = {GitHub repository},
  howpublished = {\url{https://github.com/stephen99scott/star-tracker}},
}

@misc{stellarium,
  title = {Stellarium 0.22.0},
  year = {2022},
  publisher = {Stellarium},
  howpublished = {\url{https://stellarium.org/}},
}