@misc{starTrackAttDet,
  title={Development and implementation of star tracker based attitude determination},
  author={Smith, C.G.},
  journal={Masters Theses},
  year={2017},
  publisher={Missouri University of Science and Technology}
}
@misc{adcs,
  title={Spacecraft Attitude Determination and Control},
  author={Bolandi, E. and Haghparast, M. and Saberi, F.F. and Vaghei, B.G. and Smailzadeh, S.M.},
  journal={Measurement and Control Vol 45/5},
  year={2012},
  publisher={SAGE Publications}
}
@misc{lowCost,
  title={An Evaluation of Low-Cost Vision Processors for Efficient Star Identification},
  author={Agarwal S. and Hervas-Martin, E. and Byrne, J. and Dunne,A. and Espinosa-Aranda, J.L. and Rijlaarsdam, D.},
  journal={Sensors},
  year={2020},
  publisher={MDPI}
}
@misc{survey,
  title={A Survey of Lost-in-Space Star Identification Algorithms Since 2009},
  author={Rijlaarsdam, D. and Yous, H. and Byrne, J. and Oddenino, D. and Furano, G. and Moloney, D.},
  journal={Sensors},
  year={2020},
  publisher={MDPI}
}
@misc{denoise,
  title={Deep Image Prior},
  author={Ulyanov, D. and Vedaldi, A. and Lempitsky, V.},
  journal={Computer Vision and Pattern Recognition},
  year={2017},
  publisher={Cornell University}
}